%%% ====================================================================
%%%  BibTeX-file{
%%%     author          = "Gerry Murray",
%%%     version         = "1.2",
%%%     date            = "2 April 2012",
%%%     filename        = "acmsmall-sample-bibfile.bib",
%%%     address         = "ACM, NY",
%%%     email           = "murray at hq.acm.org",
%%%     codetable       = "ISO/ASCII",
%%%     keywords        = "ACM Reference Format, bibliography, citation, references",
%%%     supported       = "yes",
%%%     docstring       = "This BibTeX database file contains 'bibdata' entries
%%%                        that 'match' the examples provided in the Specifications Document
%%%                        AND, also, 'legacy'-type bibs. It should assist authors in 
%%%                        choosing the 'correct' at-bibtype and necessary bib-fields
%%%                        so as to obtain the appropriate ACM Reference Format output. 
%%%			   It also contains many 'Standard Abbreviations'. "
%%%  }
%%% ====================================================================

% only to use in references
@String{ALPS = "Autoencoder with Latent Physics"}

@inproceedings{NEURIPS2022_6d5e0357,
 author = {Yang, Tsung-Yen and Rosca, Justinian and Narasimhan, Karthik and Ramadge, Peter J},
 booktitle = {Advances in Neural Information Processing Systems},
 editor = {S. Koyejo and S. Mohamed and A. Agarwal and D. Belgrave and K. Cho and A. Oh},
 pages = {17157--17172},
 publisher = {Curran Associates, Inc.},
 title = {Learning Physics Constrained Dynamics Using Autoencoders},
 url = {https://proceedings.neurips.cc/paper_files/paper/2022/file/6d5e035724687454549b97d6c805dc84-Paper-Conference.pdf},
 volume = {35},
 year = {2022}
}
@inproceedings{NIPS2017_3f5ee243,
 author = {Vaswani, Ashish and Shazeer, Noam and Parmar, Niki and Uszkoreit, Jakob and Jones, Llion and Gomez, Aidan N and Kaiser, \L ukasz and Polosukhin, Illia},
 booktitle = {Advances in Neural Information Processing Systems},
 editor = {I. Guyon and U. Von Luxburg and S. Bengio and H. Wallach and R. Fergus and S. Vishwanathan and R. Garnett},
 pages = {},
 publisher = {Curran Associates, Inc.},
 title = {Attention is All you Need},
 url = {https://proceedings.neurips.cc/paper_files/paper/2017/file/3f5ee243547dee91fbd053c1c4a845aa-Paper.pdf},
 volume = {30},
 year = {2017}
}
@inproceedings{rahamanspectral,
 added-at = {2019-06-10T12:55:22.000+0200},
 author = {Rahaman, Nasim and Baratin, Aristide and Arpit, Devansh and Draxler, Felix and Lin, Min and Hamprecht, Fred and Bengio, Yoshua and Courville, Aaron},
 biburl = {https://www.bibsonomy.org/bibtex/2f23f2d8864da20857ca66fa2b26a2db6/kirk86},
 description = {On the Spectral Bias of Neural Networks},
 interhash = {d2b93b2a57fe00b2b8535b5f98aaceac},
 intrahash = {f23f2d8864da20857ca66fa2b26a2db6},
 issn = {1938-7228},
 keywords = {foundations machine-learning theory},
 pages = {5301-5310},
 timestamp = {2019-06-10T12:55:22.000+0200},
 title = {On the Spectral Bias of Neural Networks},
 type = {article},
 url = {http://proceedings.mlr.press/v97/rahaman19a.html},
 year = 2019
}
@inproceedings{tancik2020ffn, 
 publisher = {Curran Associates, Inc.}, 
 booktitle = {Advances in Neural Information Processing Systems (NeurIPS)}, 
 author = {Matthew Tancik and Pratul P. Srinivasan and Ben Mildenhall and Sara Fridovich-Keil and Nithin Raghavan and Utkarsh Singhal and Ravi Ramamoorthi and Jonathan T. Barron and Ren Ng}, 
 title = {Fourier Features Let Networks Learn High Frequency Functions in Low Dimensional Domains}, 
 year = {2020}, 
 url = {http://arxiv.org/abs/2006.10739v1}, 
 entrytype = {inproceedings}, 
 id = {tancik2020ffn}
}
@inproceedings{7780459,
  author={He, Kaiming and Zhang, Xiangyu and Ren, Shaoqing and Sun, Jian},
  booktitle={2016 IEEE Conference on Computer Vision and Pattern Recognition (CVPR)}, 
  title={Deep Residual Learning for Image Recognition}, 
  year={2016},
  volume={},
  number={},
  pages={770-778},
  keywords={Training;Degradation;Complexity theory;Image recognition;Neural networks;Visualization;Image segmentation},
  doi={10.1109/CVPR.2016.90}
}
@inproceedings{NEURIPS2018_69386f6b,
 author = {Chen, Ricky T. Q. and Rubanova, Yulia and Bettencourt, Jesse and Duvenaud, David K},
 booktitle = {Advances in Neural Information Processing Systems},
 editor = {S. Bengio and H. Wallach and H. Larochelle and K. Grauman and N. Cesa-Bianchi and R. Garnett},
 pages = {},
 publisher = {Curran Associates, Inc.},
 title = {Neural Ordinary Differential Equations},
 url = {https://proceedings.neurips.cc/paper_files/paper/2018/file/69386f6bb1dfed68692a24c8686939b9-Paper.pdf},
 volume = {31},
 year = {2018}
}

@inproceedings{NEURIPS2018_5a4be1fa,
 author = {Jacot, Arthur and Gabriel, Franck and Hongler, Clement},
 booktitle = {Advances in Neural Information Processing Systems},
 editor = {S. Bengio and H. Wallach and H. Larochelle and K. Grauman and N. Cesa-Bianchi and R. Garnett},
 pages = {},
 publisher = {Curran Associates, Inc.},
 title = {Neural Tangent Kernel: Convergence and Generalization in Neural Networks},
 url = {https://proceedings.neurips.cc/paper_files/paper/2018/file/5a4be1fa34e62bb8a6ec6b91d2462f5a-Paper.pdf},
 volume = {31},
 year = {2018}
}

